%sintaksa:
% @Vrsta { ključ,
%   atribut1="vrijednost1",
%   atribut2="vrijednost2"
% }
%citiranje: ~\cite{ključ}

@Online{imena,
  url="https://gist.github.com/hrvojesimic/5dff7000b0920e65fb14b5c8867fa887"
}

@Online{prezimena,
  url="https://github.com/fondacija-glasnik/srpska-prezimena"
}

@Online{tkinter-widgets,
  url="https://www.dummies.com/programming/python/using-tkinter-widgets-in-python/"
}

@Online{tkinter-docs,
  url="https://docs.python.org/3/library/tkinter.html"
}

@Online{tkinter-scroll,
  url="https://blog.teclado.com/tkinter-scrollable-frames/"
}

@Online{coolors,
  url="https://coolors.co/"
}

@Online{recommending-friends,
  url="https://courses.cs.washington.edu/courses/cse140/13wi/homework/hw4/homework4.html#Recommending_friends"
}

@Online{recommendation-system,
  url="https://madasamy.medium.com/introduction-to-recommendation-systems-and-how-to-design-recommendation-system-that-resembling-the-9ac167e30e95"
}

@Online{cypher,
  url="https://neo4j.com/developer/cypher/guide-build-a-recommendation-engine/"
}

@Online{neo4j-docs,
  url="https://neo4j.com/docs/"
}

@Online{neo4j-python,
  url="https://neo4j.com/docs/pdf/neo4j-driver-manual-4.2-python.pdf"
}

@Online{facebook-recommendations,
  url="https://www.theguardian.com/technology/2016/jun/29/how-does-facebook-suggest-potential-friends-not-location-data-not-now"
}